@InProceedings{j1989,
  author = 	 {Guy Jacobson},
  title = 	 {Space-efficient static trees and graphs},
  booktitle = {FOCS},
  year = 	 {1989},
  pages =  {549-554}
}

@InProceedings{cm1996,
  author = 	 {D. R. Clark and J. I. Munro},
  title = 	 {Efficient suffix trees on secondary storage},
  booktitle = 	 {SODA},
  pages = 	 {383-391},
  year = 	 {1996}
}

@InProceedings{grr2004,
 author =        {Richard F. Geary and Rajeev Raman and Venkatesh Raman},
 title =         {Succinct ordinal trees with level-ancestor queries},
 booktitle =     {SODA},
 year =          {2004},
 pages =         {1--10}
}

@inproceedings{mr1997, 
    author =     {J. Ian Munro and Venkatesh Raman},
    title =      {Succinct Representation of Balanced Parentheses, Static Trees and Planar Graphs},
    booktitle =  {FOCS},
    pages =      {118-126},
    year =       {1997},
}


@article{ly2008,
 author = {Hsueh-I Lu and Chia-Chi Yeh},
 title = {Balanced parentheses strike back},
 journal = {ACM Trans. Algorithms},
 volume = {4},
 issue = {3},
 month = {July},
 year = {2008},
 issn = {1549-6325},
 pages = {28:1--28:13},
 articleno = {28},
 numpages = {13},
 acmid = {1367068},
 publisher = {ACM},
 address = {New York, NY, USA},
 keywords = {Succinct data structures, XML document representation}
} 
% url = {http://doi.acm.org/10.1145/1367064.1367068},
% doi = {http://doi.acm.org/10.1145/1367064.1367068},

@InProceedings{bdmr1999,
  author = 	 {David Benoit and Erik D. Demaine and J. Ian Munro and
                   Venkatesh Raman},
  title = 	 {Representing Trees of Higher Degree},
  booktitle = 	 {WADS},
  year = 	 {1999},
  pages =        {169--180},
  publisher =    {Springer-Verlag LNCS 1663},
}

@InProceedings{jss2007,
 author = {Jesper Jansson and Kunihiko Sadakane and Wing-Kin Sung},
 title = {Ultra-succinct Representation of Ordered Trees},
 booktitle = {SODA},
 year = {2007},
}

@article{hms2012,
  author    = {Meng He and
               J. Ian Munro and
               Srinivasa Rao Satti},
  title     = {Succinct ordinal trees based on tree covering},
  journal   = {ACM Trans. Algorithms},
  volume    = {8},
  number    = {4},
  pages     = {42},
  year      = {2012},
  timestamp = {Tue, 11 Jun 2013 07:41:50 +0200},
  biburl    = {http://dblp.uni-trier.de/rec/bib/journals/talg/HeMS12},
  bibsource = {dblp computer science bibliography, http://dblp.org}
}
%  url       = {http://doi.acm.org/10.1145/2344422.2344432},
%  doi       = {10.1145/2344422.2344432},

@article{fm2014,
  author    = {Arash Farzan and
               J. Ian Munro},
  title     = {A Uniform Paradigm to Succinctly Encode Various Families of Trees},
  journal   = {Algorithmica},
  volume    = {68},
  number    = {1},
  pages     = {16--40},
  year      = {2014},
  timestamp = {Wed, 15 Jan 2014 10:19:24 +0100},
  biburl    = {http://dblp.uni-trier.de/rec/bib/journals/algorithmica/FarzanM14},
  bibsource = {dblp computer science bibliography, http://dblp.org}
}
%  url       = {http://dx.doi.org/10.1007/s00453-012-9664-0},
%  doi       = {10.1007/s00453-012-9664-0},

@INBOOK{Cormen2009,
  chapter = {Multithreaded Algorithms},
  pages = {772--812},
  title = {Introduction to Algorithms},
  publisher = {The MIT Press},
  year = {2009},
  author = {T.~H. Cormen and C.~E. Leiserson and R.~L. Rivest and C.~Stein},
  edition = {Third},
  file = {:CormenChapter27.pdf:PDF},
  isbn = {978-0-262-03384-8},
  keywords = {algorithm, introduction}
}

@ARTICLE{Blumofe:1999:SMC:324133.324234,
  author = {Blumofe, Robert D. and Leiserson, Charles E.},
  title = {Scheduling multithreaded computations by work stealing},
  journal = {J. ACM},
  year = {1999},
  volume = {46},
  pages = {720--748},
  number = {5},
  acmid = {324234},
  address = {New York, NY, USA},
  issn = {0004-5411},
  issue_date = {Sept. 1999},
  keywords = {critical-path length, multiprocessor, multithreading, randomized algorithm,
	thread scheduling, work stealing},
  numpages = {29},
  publisher = {ACM}
}
%  doi = {10.1145/324133.324234},


@InProceedings{Fuentes2014,
  author = 	 {Fuentes-Sep\'ulveda, Jos\'e and Elejalde, Erick and Ferres, Leo and Seco, Diego},
  title = 	 {Efficient Wavelet Tree Construction and Querying for Multicore Architectures},
  booktitle = 	 {SEA},
  pages = 	 {150-161},
  year = 	 {2014},
  publisher =    {Springer International Publishing},
}

@article{DBLP:journals/corr/Shun14,
  author    = {Julian Shun},
  title     = {Parallel Wavelet Tree Construction},
  journal   = {CoRR},
  volume    = {abs/1407.8142},
  year      = {2014},
  timestamp = {Fri, 01 Aug 2014 13:50:01 +0200},
  biburl    = {http://dblp.uni-trier.de/rec/bib/journals/corr/Shun14},
  bibsource = {dblp computer science bibliography, http://dblp.org}
}
%  url       = {http://arxiv.org/abs/1407.8142},

@article{Navarro:2014:FFS:2620785.2601073,
 author = {Navarro, Gonzalo and Sadakane, Kunihiko},
 title = {Fully Functional Static and Dynamic Succinct Trees},
 journal = {ACM Trans. Algorithms},
 issue_date = {June 2014},
 volume = {10},
 number = {3},
 month = may,
 year = {2014},
 issn = {1549-6325},
 pages = {16:1--16:39},
 articleno = {16},
 numpages = {39},
 acmid = {2601073},
 publisher = {ACM},
 address = {New York, NY, USA},
 keywords = {Succinct tree representations, compressed sequence representations, compressed text databases}
} 
% url = {http://doi.acm.org/10.1145/2601073},
% doi = {10.1145/2601073},

@article{Helman2001265,
title = "Prefix Computations on Symmetric Multiprocessors ",
journal = "J. Par. Dist. Comput.",
volume = "61",
number = "2",
pages = "265 - 278",
year = "2001",
note = "",
issn = "0743-7315",
author = "David R. Helman and Joseph J\'aJ\'a",
keywords = "parallel algorithms",
keywords = "list ranking",
keywords = "prefix computations",
keywords = "symmetric multiprocessors",
keywords = "parallel performance "
}
%doi = "http://dx.doi.org/10.1006/jpdc.2000.1678",
%url = "http://www.sciencedirect.com/science/article/pii/S0743731500916782",

@inproceedings{Patrascu:2008:SUC:1470582.1470670,
 author = {Patrascu, Mihai},
 title = {Succincter},
 booktitle = {FOCS},
 series = {FOCS '08},
 year = {2008},
 isbn = {978-0-7695-3436-7},
 pages = {305--313},
 numpages = {9},
 acmid = {1470670},
 publisher = {IEEE Computer Society},
 address = {Washington, DC, USA},
 keywords = {succinct data structures, arithmetic coding, locally decodable}
} 
% url = {http://dx.doi.org/10.1109/FOCS.2008.83},
% doi = {10.1109/FOCS.2008.83},

@inproceedings{ACNSalenex10,
 author = {D. Arroyuelo and R. C{\'a}novas and G. Navarro and K. Sadakane},
 title = {Succinct Trees in Practice},
 booktitle = {ALENEX},
 year = {2010},
 publisher = {SIAM Press},
 address = {Austin, Texas, USA},
 pages = {84--97}
}    

@INBOOK{Reif1993,
  chapter = {Prefix Sums and Their Applications},
  pages = {35--60},
  title = {Synthesis of Parallel Algorithms},
  publisher = {Morgan Kaufmann},
  year = {1993},
  author = {Reif, John H.},
  address = {San Francisco, CA, USA},
}

@Misc{Drepper2007,
  author = {Drepper, Ulrich},
  title = {What every programmer should know about memory},
  year = {2007}
}
%  url = {http://people.redhat.com/drepper/cpumemory.pdf},
%  note = {\url{http://people.redhat.com/drepper/cpumemory.pdf}}

@inproceedings{rr2013,
  author    = {Rajeev Raman and
               S. Srinivasa Rao},
  title     = {Succinct Representations of Ordinal Trees},
  booktitle = {Space-Efficient Data Structures, Streams, and Algorithms},
  pages     = {319--332},
  year      = {2013},
  timestamp = {Tue, 27 Aug 2013 11:13:12 +0200},
  biburl    = {http://dblp.uni-trier.de/rec/bib/conf/birthday/Raman013},
  bibsource = {dblp computer science bibliography, http://dblp.org}
}
%  url       = {http://dx.doi.org/10.1007/978-3-642-40273-9_20},
%  doi       = {10.1007/978-3-642-40273-9_20},

@misc{libcds,
author = {Francisco Claude},
title = {A Compressed Data Structure Library},
note = {Last accessed: January 17, 2015}
}
%howpublished = {\url{https://github.com/fclaude/libcds2}},

@misc{sdsl,
author = {Simon Gog},
title = {Succinct Data Structure Library 2.0},
note = {Last accessed: January 17, 2015}
}
%howpublished = {\url{https://github.com/simongog/sdsl-lite}},

@misc{malloc-count,
author = {Timo Bingmann},
title = {malloc\_count - Tools for Runtime Memory Usage Analysis and Profiling},
note = {Last accessed: January 17, 2015}
}
%howpublished = {\url{http://panthema.net/2013/malloc_count/}},
